<record><leader>00000cas a22000007a 4500</leader><controlfield tag="001">9234722</controlfield><controlfield tag="008">830218d18141827meuwr ne      0   a0eng  </controlfield><datafield ind1=" " ind2=" " tag="010"><subfield code="a">sn 83009616 </subfield></datafield><datafield ind1=" " ind2=" " tag="040"><subfield code="a">DLC</subfield><subfield code="b">eng</subfield><subfield code="c">DLC</subfield><subfield code="d">NPX</subfield><subfield code="d">NPU</subfield><subfield code="d">DLC</subfield><subfield code="d">NYS</subfield><subfield code="d">NVF</subfield><subfield code="d">MGN</subfield><subfield code="d">MBN</subfield><subfield code="d">OCL</subfield><subfield code="d">OCLCG</subfield><subfield code="d">DLC</subfield><subfield code="d">OCLCO</subfield><subfield code="d">OCLCF</subfield><subfield code="d">CUS</subfield><subfield code="d">HMM</subfield><subfield code="d">DLC</subfield></datafield><datafield ind1="0" ind2=" " tag="022"><subfield code="a">2575-971X</subfield><subfield code="2">1</subfield></datafield><datafield ind1=" " ind2=" " tag="042"><subfield code="a">msc</subfield><subfield code="a">nsdp</subfield></datafield><datafield ind1=" " ind2=" " tag="043"><subfield code="a">n-us-me</subfield></datafield><datafield ind1="0" ind2="0" tag="050"><subfield code="a">Newspaper 8007-X</subfield></datafield><datafield ind1="1" ind2="4" tag="050"><subfield code="a">AN</subfield></datafield><datafield ind1="0" ind2=" " tag="130"><subfield code="a">Hallowell gazette (Hallowell, Me. : 1814)</subfield></datafield><datafield ind1=" " ind2="0" tag="222"><subfield code="a">Hallowell gazette</subfield></datafield><datafield ind1="1" ind2="0" tag="245"><subfield code="a">Hallowell gazette.</subfield></datafield><datafield ind1=" " ind2=" " tag="260"><subfield code="a">Hallowell, Me. :</subfield><subfield code="b">Goodale &amp; Burton,</subfield></datafield><datafield ind1=" " ind2=" " tag="300"><subfield code="a">v. ;</subfield><subfield code="c">51-53 cm.</subfield></datafield><datafield ind1=" " ind2=" " tag="310"><subfield code="a">Weekly</subfield></datafield><datafield ind1="0" ind2=" " tag="362"><subfield code="a">Vol. 1, no. 1 (Feb. 23, 1814)-v. 14, no. 52 (Dec. 26, 1827).</subfield></datafield><datafield ind1=" " ind2=" " tag="500"><subfield code="a">Publishers: Goodale &amp; Burton, 1814-    ; Ezekiel Goodale, 1815-1820; Goodale, Glazier &amp; Co., 1820-1827.</subfield></datafield><datafield ind1=" " ind2=" " tag="500"><subfield code="a">Federalist.</subfield></datafield><datafield ind1=" " ind2=" " tag="530"><subfield code="a">Also issued on microfilm by Readex.</subfield></datafield><datafield ind1=" " ind2="0" tag="651"><subfield code="a">Hallowell (Me.)</subfield><subfield code="v">Newspapers.</subfield></datafield><datafield ind1=" " ind2="7" tag="651"><subfield code="a">Maine</subfield><subfield code="z">Hallowell.</subfield><subfield code="2">fast</subfield><subfield code="0">(OCoLC)fst01229888</subfield></datafield><datafield ind1=" " ind2="7" tag="655"><subfield code="a">Newspapers.</subfield><subfield code="2">fast</subfield><subfield code="0">(OCoLC)fst01423814</subfield></datafield><datafield ind1="1" ind2=" " tag="700"><subfield code="a">Burton, James,</subfield><subfield code="d">1790-1837.</subfield></datafield><datafield ind1="1" ind2=" " tag="700"><subfield code="a">Glazier, Franklin,</subfield><subfield code="d">1799-1863.</subfield></datafield><datafield ind1="1" ind2=" " tag="700"><subfield code="a">Goodale, Ezekiel,</subfield><subfield code="d">1780-1828.</subfield></datafield><datafield ind1="1" ind2=" " tag="700"><subfield code="a">Masters, Andrew,</subfield><subfield code="d">1793-1881.</subfield></datafield><datafield ind1=" " ind2=" " tag="752"><subfield code="a">United States</subfield><subfield code="b">Maine</subfield><subfield code="c">Kennebec</subfield><subfield code="d">Hallowell.</subfield></datafield><datafield ind1="4" ind2="1" tag="856"><subfield code="3">02/23/1814 to 12/26/1827</subfield><subfield code="u">http://infoweb.newsbank.com/?db=EANX&amp;s_browseRef=decades/10F19D9F813DBBD8/all.xml</subfield></datafield><datafield ind1="1" ind2=" " tag="029"><subfield code="a">AU@</subfield><subfield code="b">000025819713</subfield></datafield></record>